@article{wang2018synchrotron,
  author    = {Wang, Y. and Li, N. and Lu, Z. and Rehrauer, H. and Sigg, H. and Quack, N. and Muntwiler, M.},
  title     = {{Synchrotron Big Data Science}},
  journal   = {Small},
  volume    = {14},
  number    = {46},
  pages     = {e1802291},
  year      = {2018},
  doi       = {10.1002/smll.201802291},
  url       = {https://pubmed.ncbi.nlm.nih.gov/30222245/}
}

@article{meyer2014store,
  author    = {Meyer, Glen R. and Thompson, David and Guss, J. Mitchell and Tuckwell, Dale and O'Keefe, Simon J. and Kobe, Bostjan and McGowan, Sheena},
  title     = {{Operation of the Australian Store.Synchrotron for macromolecular crystallography}},
  journal   = {Journal of Applied Crystallography},
  volume    = {47},
  number    = {4},
  pages     = {1548--1560},
  year      = {2014},
  doi       = {10.1107/S1600576714012410},
  url       = {https://pmc.ncbi.nlm.nih.gov/articles/PMC4187999/}
}

@inproceedings{moriyama2019public,
  author    = {Moriyama, T. and Watanabe, T. and Tominaga, H. and Shoji, T. and Ito, M. and Tamura, K.},
  title     = {{Public Cloud-based Remote Access Infrastructure for Neutron Scattering Experiments at MLF, J-PARC}},
  booktitle = {{Proceedings of the 17th International Conference on Accelerator and Large Experimental Physics Control Systems (ICALEPCS)}},
  year      = {2019},
  url       = {https://accelconf.web.cern.ch/icalepcs2019/papers/tubpl04.pdf}
}

@misc{kek2021aws,
  title        = {{KEK Creates HPC Environment and Reduces TCO with AWS}},
  howpublished = {{Amazon Web Services Case Study}},
  year         = {2021},
  url          = {https://aws.amazon.com/solutions/case-studies/kek/}
}

@techreport{esrf2020strategy,
  author      = {{ESRF IT Department}},
  title       = {{ESRF Data Strategy (2015--2025)}},
  institution = {{European Synchrotron Radiation Facility (ESRF)}},
  year        = {2020},
  url         = {https://www.esrf.fr/files/live/sites/www/files/about/information-material/ESRF_IT_Strategy.pdf}
}

@inproceedings{godoy2021efficient,
  author    = {Godoy, William F. and Podhorszki, Norbert and Pugmire, David and Klasky, Scott and others},
  title     = {{Efficient Data Management in Neutron Scattering Workflows}},
  booktitle = {{2021 IEEE International Conference on Big Data (Big Data)}},
  year      = {2021},
  eprint    = {2101.02591},
  archivePrefix = {arXiv},
  url       = {https://arxiv.org/pdf/2101.02591}
}
